@incollection{writeyouahaskelltypeinf,
    title={Hindley-Milner Type Inference},
    author={Stephen Diehl},
    booktitle={Write You A Haskell},
    url={http://dev.stephendiehl.com/fun/006_hindley_milner.html},
    note={Online book in progress, accessed 2017-04},
}

@misc{callingconvention,
    title={Procedure Call Standard for the {ARM} 64-bit Architecture ({AArch64})},
    url={http://infocenter.arm.com/help/topic/com.arm.doc.ihi0055b/IHI0055B_aapcs64.pdf},
}

@article{IRC,
 author = {George, Lal and Appel, Andrew W.},
 title = {Iterated Register Coalescing},
 journal = {ACM Trans. Program. Lang. Syst.},
 issue_date = {May 1996},
 volume = {18},
 number = {3},
 month = may,
 year = {1996},
 issn = {0164-0925},
 pages = {300--324},
 numpages = {25},
 url = {http://doi.acm.org/10.1145/229542.229546},
 doi = {10.1145/229542.229546},
 acmid = {229546},
 publisher = {ACM},
 address = {New York, NY, USA},
 keywords = {copy propagation, graph coloring, register allocation, register coalescing},
}
